% !Mode:: "TeX:UTF-8"

@ARTICLE{On_the_Road_to_6G,
  author={Wang, Cheng-Xiang and You, Xiaohu and Gao, Xiqi and Zhu, Xiuming and Li, Zixin and Zhang, Chuan and Wang, Haiming and Huang, Yongming and Chen, Yunfei and Haas, Harald and Thompson, John S. and Larsson, Erik G. and Renzo, Marco Di and Tong, Wen and Zhu, Peiying and Shen, Xuemin and Poor, H. Vincent and Hanzo, Lajos},
  journal={IEEE Communications Surveys & Tutorials}, 
  title={On the Road to 6G: Visions, Requirements, Key Technologies, and Testbeds}, 
  year={2023},
  volume={25},
  number={2},
  pages={905-974},
  keywords={6G mobile communication;5G mobile communication;Wireless communication;Industries;Tutorials;Millimeter wave communication;Research and development;6G vision;6G key performance indicators (KPIs);6G application scenarios;6G network architecture;6G key technologies;6G testbeds;6G challenges},
  doi={10.1109/COMST.2023.3249835}
}

@ARTICLE{andringa2016current,
  title={Current status and future prospects of the SNO+ experiment},
  author={Andringa, S and Arushanova, E and Asahi, S and Askins, M and Auty, DJ and Back, AR and Barnard, Z and Barros, N and Beier, EW and Bialek, A and others},
  journal={Advances in High Energy Physics},
  volume={2016},
  number={1},
  pages={6194250},
  year={2016},
  publisher={Wiley Online Library}
}

@ARTICLE{albanese2021sno+,
  title={The SNO+ experiment},
  author={Albanese, V and Alves, R and Anderson, MR and Andringa, S and Anselmo, L and Arushanova, E and Asahi, S and Askins, M and Auty, DJ and Back, AR and others},
  journal={Journal of Instrumentation},
  volume={16},
  number={08},
  pages={P08059},
  year={2021},
  publisher={IOP Publishing}
}

@article{PhysRevLett.81.1562,
  title = {Evidence for Oscillation of Atmospheric Neutrinos},
  author = {Fukuda, Y. and Hayakawa, T. and Ichihara, E. and Inoue, K. and Ishihara, K. and Ishino, H. and Itow, Y. and Kajita, T. and Kameda, J. and Kasuga, S. and Kobayashi, K. and Kobayashi, Y. and Koshio, Y. and Miura, M. and Nakahata, M. and Nakayama, S. and Okada, A. and Okumura, K. and Sakurai, N. and Shiozawa, M. and Suzuki, Y. and Takeuchi, Y. and Totsuka, Y. and Yamada, S. and Earl, M. and Habig, A. and Kearns, E. and Messier, M. D. and Scholberg, K. and Stone, J. L. and Sulak, L. R. and Walter, C. W. and Goldhaber, M. and Barszczxak, T. and Casper, D. and Gajewski, W. and Halverson, P. G. and Hsu, J. and Kropp, W. R. and Price, L. R. and Reines, F. and Smy, M. and Sobel, H. W. and Vagins, M. R. and Ganezer, K. S. and Keig, W. E. and Ellsworth, R. W. and Tasaka, S. and Flanagan, J. W. and Kibayashi, A. and Learned, J. G. and Matsuno, S. and Stenger, V. J. and Takemori, D. and Ishii, T. and Kanzaki, J. and Kobayashi, T. and Mine, S. and Nakamura, K. and Nishikawa, K. and Oyama, Y. and Sakai, A. and Sakuda, M. and Sasaki, O. and Echigo, S. and Kohama, M. and Suzuki, A. T. and Haines, T. J. and Blaufuss, E. and Kim, B. K. and Sanford, R. and Svoboda, R. and Chen, M. L. and Conner, Z. and Goodman, J. A. and Sullivan, G. W. and Hill, J. and Jung, C. K. and Martens, K. and Mauger, C. and McGrew, C. and Sharkey, E. and Viren, B. and Yanagisawa, C. and Doki, W. and Miyano, K. and Okazawa, H. and Saji, C. and Takahata, M. and Nagashima, Y. and Takita, M. and Yamaguchi, T. and Yoshida, M. and Kim, S. B. and Etoh, M. and Fujita, K. and Hasegawa, A. and Hasegawa, T. and Hatakeyama, S. and Iwamoto, T. and Koga, M. and Maruyama, T. and Ogawa, H. and Shirai, J. and Suzuki, A. and Tsushima, F. and Koshiba, M. and Nemoto, M. and Nishijima, K. and Futagami, T. and Hayato, Y. and Kanaya, Y. and Kaneyuki, K. and Watanabe, Y. and Kielczewska, D. and Doyle, R. A. and George, J. S. and Stachyra, A. L. and Wai, L. L. and Wilkes, R. J. and Young, K. K.},
  collaboration = {Super-Kamiokande Collaboration},
  journal = {Phys. Rev. Lett.},
  volume = {81},
  issue = {8},
  pages = {1562--1567},
  numpages = {0},
  year = {1998},
  month = {Aug},
  publisher = {American Physical Society},
  doi = {10.1103/PhysRevLett.81.1562},
  url = {https://link.aps.org/doi/10.1103/PhysRevLett.81.1562}
}


@ARTICLE{PhysRevLett.87.071301,
   title = {Measurement of the Rate of ${\ensuremath{\nu}}_{e}+\mathit{d}\ensuremath{\rightarrow}\mathit{p}+\mathit{p}+{\mathit{e}}^{\ensuremath{-}}$ Interactions Produced by $^{8}B$ Solar Neutrinos at the Sudbury Neutrino Observatory},
   author = {Ahmad, Q. R. and Allen, R. C. and Andersen, T. C. and Anglin, J. D. and B\"uhler, G. and Barton, J. C. and Beier, E. W. and Bercovitch, M. and Bigu, J. and Biller, S. and Black, R. A. and Blevis, I. and Boardman, R. J. and Boger, J. and Bonvin, E. and Boulay, M. G. and Bowler, M. G. and Bowles, T. J. and Brice, S. J. and Browne, M. C. and Bullard, T. V. and Burritt, T. H. and Cameron, K. and Cameron, J. and Chan, Y. D. and Chen, M. and Chen, H. H. and Chen, X. and Chon, M. C. and Cleveland, B. T. and Clifford, E. T. H. and Cowan, J. H. M. and Cowen, D. F. and Cox, G. A. and Dai, Y. and Dai, X. and Dalnoki-Veress, F. and Davidson, W. F. and Doe, P. J. and Doucas, G. and Dragowsky, M. R. and Duba, C. A. and Duncan, F. A. and Dunmore, J. and Earle, E. D. and Elliott, S. R. and Evans, H. C. and Ewan, G. T. and Farine, J. and Fergani, H. and Ferraris, A. P. and Ford, R. J. and Fowler, M. M. and Frame, K. and Frank, E. D. and Frati, W. and Germani, J. V. and Gil, S. and Goldschmidt, A. and Grant, D. R. and Hahn, R. L. and Hallin, A. L. and Hallman, E. D. and Hamer, A. and Hamian, A. A. and Haq, R. U. and Hargrove, C. K. and Harvey, P. J. and Hazama, R. and Heaton, R. and Heeger, K. M. and Heintzelman, W. J. and Heise, J. and Helmer, R. L. and Hepburn, J. D. and Heron, H. and Hewett, J. and Hime, A. and Howe, M. and Hykawy, J. G. and Isaac, M. C. P. and Jagam, P. and Jelley, N. A. and Jillings, C. and Jonkmans, G. and Karn, J. and Keener, P. T. and Kirch, K. and Klein, J. R. and Knox, A. B. and Komar, R. J. and Kouzes, R. and Kutter, T. and Kyba, C. C. M. and Law, J. and Lawson, I. T. and Lay, M. and Lee, H. W. and Lesko, K. T. and Leslie, J. R. and Levine, I. and Locke, W. and Lowry, M. M. and Luoma, S. and Lyon, J. and Majerus, S. and Mak, H. B. and Marino, A. D. and McCauley, N. and McDonald, A. B. and McDonald, D. S. and McFarlane, K. and McGregor, G. and McLatchie, W. and Drees, R. Meijer and Mes, H. and Mifflin, C. and Miller, G. G. and Milton, G. and Moffat, B. A. and Moorhead, M. and Nally, C. W. and Neubauer, M. S. and Newcomer, F. M. and Ng, H. S. and Noble, A. J. and Norman, E. B. and Novikov, V. M. and O'Neill, M. and Okada, C. E. and Ollerhead, R. W. and Omori, M. and Orrell, J. L. and Oser, S. M. and Poon, A. W. P. and Radcliffe, T. J. and Roberge, A. and Robertson, B. C. and Robertson, R. G. H. and Rowley, J. K. and Rusu, V. L. and Saettler, E. and Schaffer, K. K. and Schuelke, A. and Schwendener, M. H. and Seifert, H. and Shatkay, M. and Simpson, J. J. and Sinclair, D. and Skensved, P. and Smith, A. R. and Smith, M. W. E. and Starinsky, N. and Steiger, T. D. and Stokstad, R. G. and Storey, R. S. and Sur, B. and Tafirout, R. and Tagg, N. and Tanner, N. W. and Taplin, R. K. and Thorman, M. and Thornewell, P. and Trent, P. T. and Tserkovnyak, Y. I. and Van Berg, R. and Van de Water, R. G. and Virtue, C. J. and Waltham, C. E. and Wang, J.-X. and Wark, D. L. and West, N. and Wilhelmy, J. B. and Wilkerson, J. F. and Wilson, J. and Wittich, P. and Wouters, J. M. and Yeh, M.},
   collaboration = {SNO Collaboration},
   journal = {Phys. Rev. Lett.},
   volume = {87},
   issue = {7},
   pages = {071301},
   numpages = {6},
   year = {2001},
   month = {Jul},
   publisher = {American Physical Society},
   doi = {10.1103/PhysRevLett.87.071301},
   url = {https://link.aps.org/doi/10.1103/PhysRevLett.87.071301}
 }
 
 @book{zuber2020neutrino,
 title={Neutrino Physics},
 author={Zuber, K.},
 isbn={9781351764582},
 series={Series in Particle Physics, Cosmology and Gravitation},
 url={https://books.google.ca/books?id=6-XkDwAAQBAJ},
 year={2020},
 publisher={CRC Press}
}

@article{science.124.3212.103,
author = {C. L. Cowan  and F. Reines  and F. B. Harrison  and H. W. Kruse  and A. D. McGuire },
title = {Detection of the Free Neutrino: a Confirmation},
journal = {Science},
volume = {124},
number = {3212},
pages = {103-104},
year = {1956},
doi = {10.1126/science.124.3212.103},
URL = {https://www.science.org/doi/abs/10.1126/science.124.3212.103},
eprint = {https://www.science.org/doi/pdf/10.1126/science.124.3212.103}}

@article{vaswani2017attention,
  title={Attention is all you need},
  author={Vaswani, Ashish and Shazeer, Noam and Parmar, Niki and Uszkoreit, Jakob and Jones, Llion and Gomez, Aidan N and Kaiser, {\L}ukasz and Polosukhin, Illia},
  journal={Advances in neural information processing systems},
  volume={30},
  year={2017}
}

@article{hochreiter1997long,
  title={Long short-term memory},
  author={Hochreiter, Sepp and Schmidhuber, J{\"u}rgen},
  journal={Neural computation},
  volume={9},
  number={8},
  pages={1735--1780},
  year={1997},
  publisher={MIT press}
}

@article{DBLP:journals/corr/ChoMGBSB14,
  author       = {Kyunghyun Cho and
                  Bart van Merrienboer and
                  {\c{C}}aglar G{\"{u}}l{\c{c}}ehre and
                  Fethi Bougares and
                  Holger Schwenk and
                  Yoshua Bengio},
  title        = {Learning Phrase Representations using {RNN} Encoder-Decoder for Statistical
                  Machine Translation},
  journal      = {CoRR},
  volume       = {abs/1406.1078},
  year         = {2014},
  url          = {http://arxiv.org/abs/1406.1078},
  eprinttype    = {arXiv},
  eprint       = {1406.1078},
  timestamp    = {Mon, 13 Aug 2018 16:46:44 +0200},
  biburl       = {https://dblp.org/rec/journals/corr/ChoMGBSB14.bib},
  bibsource    = {dblp computer science bibliography, https://dblp.org}
}

@book{Chen_2022,
   title={Interpretable Uncertainty Quantification in AI for HEP},
   url={http://dx.doi.org/10.2172/1886020},
   DOI={10.2172/1886020},
   institution={Office of Scientific and Technical Information (OSTI)},
   author={Chen, Thomas and Dey, Biprateep and Ghosh, Aishik and Kagan, Michael and Nord, Brian and Ramachandra, Nesar},
   year={2022},
   month=aug 
}

@article{ABDAR2021243,
title = {A review of uncertainty quantification in deep learning: Techniques, applications and challenges},
journal = {Information Fusion},
volume = {76},
pages = {243-297},
year = {2021},
issn = {1566-2535},
doi = {https://doi.org/10.1016/j.inffus.2021.05.008},
url = {https://www.sciencedirect.com/science/article/pii/S1566253521001081},
author = {Moloud Abdar and Farhad Pourpanah and Sadiq Hussain and Dana Rezazadegan and Li Liu and Mohammad Ghavamzadeh and Paul Fieguth and Xiaochun Cao and Abbas Khosravi and U. Rajendra Acharya and Vladimir Makarenkov and Saeid Nahavandi},
keywords = {Artificial intelligence, Uncertainty quantification, Deep learning, Machine learning, Bayesian statistics, Ensemble learning},
abstract = {Uncertainty quantification (UQ) methods play a pivotal role in reducing the impact of uncertainties during both optimization and decision making processes. They have been applied to solve a variety of real-world problems in science and engineering. Bayesian approximation and ensemble learning techniques are two widely-used types of uncertainty quantification (UQ) methods. In this regard, researchers have proposed different UQ methods and examined their performance in a variety of applications such as computer vision (e.g., self-driving cars and object detection), image processing (e.g., image restoration), medical image analysis (e.g., medical image classification and segmentation), natural language processing (e.g., text classification, social media texts and recidivism risk-scoring), bioinformatics, etc. This study reviews recent advances in UQ methods used in deep learning, investigates the application of these methods in reinforcement learning, and highlights fundamental research challenges and directions associated with UQ.}
}

@inproceedings{NIPS2017_9ef2ed4b,
 author = {Lakshminarayanan, Balaji and Pritzel, Alexander and Blundell, Charles},
 booktitle = {Advances in Neural Information Processing Systems},
 editor = {I. Guyon and U. Von Luxburg and S. Bengio and H. Wallach and R. Fergus and S. Vishwanathan and R. Garnett},
 pages = {},
 publisher = {Curran Associates, Inc.},
 title = {Simple and Scalable Predictive Uncertainty Estimation using Deep Ensembles},
 url = {https://proceedings.neurips.cc/paper_files/paper/2017/file/9ef2ed4b7fd2c810847ffa5fa85bce38-Paper.pdf},
 volume = {30},
 year = {2017}
}

@article{PhysRev.48.512,
  title = {Double Beta-Disintegration},
  author = {Goeppert-Mayer, M.},
  journal = {Phys. Rev.},
  volume = {48},
  issue = {6},
  pages = {512--516},
  numpages = {0},
  year = {1935},
  month = {Sep},
  publisher = {American Physical Society},
  doi = {10.1103/PhysRev.48.512},
  url = {https://link.aps.org/doi/10.1103/PhysRev.48.512}
}

@article{PhysRev.56.1184,
  title = {On Transition Probabilities in Double Beta-Disintegration},
  author = {Furry, W. H.},
  journal = {Phys. Rev.},
  volume = {56},
  issue = {12},
  pages = {1184--1193},
  numpages = {0},
  year = {1939},
  month = {Dec},
  publisher = {American Physical Society},
  doi = {10.1103/PhysRev.56.1184},
  url = {https://link.aps.org/doi/10.1103/PhysRev.56.1184}
}

@article{ParticleDataGroup:2024cfk,
    author = "Navas, S. and others",
    collaboration = "Particle Data Group",
    title = "{Review of particle physics}",
    doi = "10.1103/PhysRevD.110.030001",
    journal = "Phys. Rev. D",
    volume = "110",
    number = "3",
    pages = "030001",
    year = "2024"
}

@inproceedings{NIPS2017_9ef2ed4b,
 author = {Lakshminarayanan, Balaji and Pritzel, Alexander and Blundell, Charles},
 booktitle = {Advances in Neural Information Processing Systems},
 editor = {I. Guyon and U. Von Luxburg and S. Bengio and H. Wallach and R. Fergus and S. Vishwanathan and R. Garnett},
 pages = {},
 publisher = {Curran Associates, Inc.},
 title = {Simple and Scalable Predictive Uncertainty Estimation using Deep Ensembles},
 url = {https://proceedings.neurips.cc/paper_files/paper/2017/file/9ef2ed4b7fd2c810847ffa5fa85bce38-Paper.pdf},
 volume = {30},
 year = {2017}
}

@article{DBLP:journals/corr/abs-2011-06225,
  author       = {Moloud Abdar and
                  Farhad Pourpanah and
                  Sadiq Hussain and
                  Dana Rezazadegan and
                  Li Liu and
                  Mohammad Ghavamzadeh and
                  Paul W. Fieguth and
                  Xiaochun Cao and
                  Abbas Khosravi and
                  U. Rajendra Acharya and
                  Vladimir Makarenkov and
                  Saeid Nahavandi},
  title        = {A Review of Uncertainty Quantification in Deep Learning: Techniques,
                  Applications and Challenges},
  journal      = {CoRR},
  volume       = {abs/2011.06225},
  year         = {2020},
  url          = {https://arxiv.org/abs/2011.06225},
  eprinttype    = {arXiv},
  eprint       = {2011.06225},
  timestamp    = {Wed, 22 Mar 2023 18:04:16 +0100},
  biburl       = {https://dblp.org/rec/journals/corr/abs-2011-06225.bib},
  bibsource    = {dblp computer science bibliography, https://dblp.org}
}

@article{1320776d-9e76-337e-a755-73010b6e4b64,
 ISSN = {00034851},
 URL = {http://www.jstor.org/stable/2236703},
 author = {S. Kullback and R. A. Leibler},
 journal = {The Annals of Mathematical Statistics},
 number = {1},
 pages = {79--86},
 publisher = {Institute of Mathematical Statistics},
 title = {On Information and Sufficiency},
 urldate = {2025-04-13},
 volume = {22},
 year = {1951}
}

@Phdthesis{bvkrosigk2015,
	author = "Belina von Krosigk",
	title = "Measurement of proton and alpha-particle quenching in LAB based scintillators and determination of spectral sensitivities to supernova neutrinos in the SNO+ detector",
	school = "Dresden: Technical University of Dresden",
	year = "2015",
}

@Phdthesis{anderson2024,
	author = "Mark Anderson",
	title = "	Studies of machine learning to improve sensitivities for the SNO+ detector and a local p-type point contact high purity germanium detector",
	school = "Kingston: Queen's University",
	year = "2024",
}


@article{PhysRevLett.126.171801,
  title = {Measurement of the $2\ensuremath{\nu}\ensuremath{\beta}\ensuremath{\beta}$ Decay Half-Life of $^{130}\mathrm{Te}$ with CUORE},
  author = {Adams, D. Q. and Alduino, C. and Alfonso, K. and Avignone, F. T. and Azzolini, O. and Bari, G. and Bellini, F. and Benato, G. and Biassoni, M. and Branca, A. and Brofferio, C. and Bucci, C. and Camilleri, J. and Caminata, A. and Campani, A. and Canonica, L. and Cao, X. G. and Capelli, S. and Cappelli, L. and Cardani, L. and Carniti, P. and Casali, N. and Chiesa, D. and Clemenza, M. and Copello, S. and Cosmelli, C. and Cremonesi, O. and Creswick, R. J. and D'Addabbo, A. and Dafinei, I. and Davis, C. J. and Dell'Oro, S. and Di Domizio, S. and Domp\`e, V. and Fang, D. Q. and Fantini, G. and Faverzani, M. and Ferri, E. and Ferroni, F. and Fiorini, E. and Franceschi, M. A. and Freedman, S. J. and Fu, S. H. and Fujikawa, B. K. and Giachero, A. and Gironi, L. and Giuliani, A. and Gorla, P. and Gotti, C. and Gutierrez, T. D. and Han, K. and Heeger, K. M. and Huang, R. G. and Huang, H. Z. and Johnston, J. and Keppel, G. and Kolomensky, Yu. G. and Ligi, C. and Ma, L. and Ma, Y. G. and Marini, L. and Maruyama, R. H. and Mayer, D. and Mei, Y. and Moggi, N. and Morganti, S. and Napolitano, T. and Nastasi, M. and Nikkel, J. and Nones, C. and Norman, E. B. and Nucciotti, A. and Nutini, I. and O'Donnell, T. and Ouellet, J. L. and Pagan, S. and Pagliarone, C. E. and Pagnanini, L. and Pallavicini, M. and Pattavina, L. and Pavan, M. and Pessina, G. and Pettinacci, V. and Pira, C. and Pirro, S. and Pozzi, S. and Previtali, E. and Puiu, A. and Rosenfeld, C. and Rusconi, C. and Sakai, M. and Sangiorgio, S. and Schmidt, B. and Scielzo, N. D. and Sharma, V. and Singh, V. and Sisti, M. and Speller, D. and Surukuchi, P. T. and Taffarello, L. and Terranova, F. and Tomei, C. and Vetter, K. J. and Vignati, M. and Wagaarachchi, S. L. and Wang, B. S. and Welliver, B. and Wilson, J. and Wilson, K. and Winslow, L. A. and Zimmermann, S. and Zucchelli, S.},
  journal = {Phys. Rev. Lett.},
  volume = {126},
  issue = {17},
  pages = {171801},
  numpages = {6},
  year = {2021},
  month = {Apr},
  publisher = {American Physical Society},
  doi = {10.1103/PhysRevLett.126.171801},
  url = {https://link.aps.org/doi/10.1103/PhysRevLett.126.171801}
}

@article{PhysRevC.80.025501,
  title = {Double-$\ensuremath{\beta}$-decay $Q$ values of $^{130}\mathrm{Te}$, $^{128}\mathrm{Te}$, and $^{120}\mathrm{Te}$},
  author = {Scielzo, N. D. and Caldwell, S. and Savard, G. and Clark, J. A. and Deibel, C. M. and Fallis, J. and Gulick, S. and Lascar, D. and Levand, A. F. and Li, G. and Mintz, J. and Norman, E. B. and Sharma, K. S. and Sternberg, M. and Sun, T. and Van Schelt, J.},
  journal = {Phys. Rev. C},
  volume = {80},
  issue = {2},
  pages = {025501},
  numpages = {5},
  year = {2009},
  month = {Aug},
  publisher = {American Physical Society},
  doi = {10.1103/PhysRevC.80.025501},
  url = {https://link.aps.org/doi/10.1103/PhysRevC.80.025501}
}

@article{paszke2019pytorch,
  title={Pytorch: An imperative style, high-performance deep learning library},
  author={Paszke, A},
  journal={arXiv preprint arXiv:1912.01703},
  year={2019}
}

@article{powell1964efficient,
  title={An efficient method for finding the minimum of a function of several variables without calculating derivatives},
  author={Powell, Michael JD},
  journal={The computer journal},
  volume={7},
  number={2},
  pages={155--162},
  year={1964},
  publisher={Oxford University Press}
}

@article{Allega_2024,
   title={Event-by-event direction reconstruction of solar neutrinos in a high light-yield liquid scintillator},
   volume={109},
   ISSN={2470-0029},
   url={http://dx.doi.org/10.1103/PhysRevD.109.072002},
   DOI={10.1103/physrevd.109.072002},
   number={7},
   journal={Physical Review D},
   publisher={American Physical Society (APS)},
   author={Allega, A. and Anderson, M. R. and Andringa, S. and Antunes, J. and Askins, M. and Auty, D. J. and Bacon, A. and Baker, J. and Barros, N. and Barão, F. and Bayes, R. and Beier, E. W. and Bezerra, T. S. and Bialek, A. and Biller, S. D. and Blucher, E. and Caden, E. and Callaghan, E. J. and Chen, M. and Cheng, S. and Cleveland, B. and Cookman, D. and Corning, J. and Cox, M. A. and Dehghani, R. and Deloye, J. and Depatie, M. M. and Di Lodovico, F. and Dittmer, J. and Dixon, K. H. and Falk, E. and Fatemighomi, N. and Ford, R. and Gaur, A. and González-Reina, O. I. and Gooding, D. and Grant, C. and Grove, J. and Hall, S. and Hallin, A. L. and Heintzelman, W. J. and Helmer, R. L. and Hewitt, C. and Hreljac, B. and Howard, V. and Hu, J. and Hunt-Stokes, R. and Hussain, S. M. A. and Inácio, A. S. and Jillings, C. J. and Kaluzienski, S. and Kaptanoglu, T. and Khaghani, P. and Khan, H. and Klein, J. R. and Kormos, L. L. and Krar, B. and Kraus, C. and Krauss, C. B. and Kroupová, T. and Lake, C. and Lebanowski, L. and Lee, J. and Lefebvre, C. and Lin, Y. H. and Lozza, V. and Luo, M. and Maio, A. and Manecki, S. and Maneira, J. and Martin, R. D. and McCauley, N. and McDonald, A. B. and Mills, C. and Milton, G. and Morton-Blake, I. and Mubasher, M. and Molina Colina, A. and Morris, D. and Naugle, S. and Nolan, L. J. and O’Keeffe, H. M. and Orebi Gann, G. D. and Page, J. and Paleshi, K. and Parker, W. and Paton, J. and Peeters, S. J. M. and Pickard, L. and Ravi, P. and Reichold, A. and Riccetto, S. and Rigan, M. and Rose, J. and Rosero, R. and Rumleskie, J. and Semenec, I. and Skensved, P. and Smiley, M. and Smith, J. and Svoboda, R. and Tam, B. and Tseng, J. and Valder, S. and Vázquez-Jáuregui, E. and Virtue, C. J. and Wang, J. and Ward, M. and Wilson, J. R. and Wilson, J. D. and Wright, A. and Yanez, J. P. and Yang, S. and Yeh, M. and Ye, Z. and Yu, S. and Zhang, Y. and Zuber, K. and Zummo, A.},
   year={2024},
   month=apr }
